@misc{SATRace2008,
    author = {Carsten Sinz and Nina Amla and Toni Jussila and Daniel Le Berre and Panagiotis Manolios and Lintao Zhang and Himanshu Jain and Hendrik Post},
    title = {{SAT-Race 2008, held in conjunction with SAT 2008}},
    howpublished = "\url{http://baldur.iti.uka.de/sat-race-2008/index.html}",
    year = 2008,
}

@misc{ManySATWeb,
    title={ManySAT: a Parallel SAT Solver},
    author = {Youssef Hamadi and Said Jabbour and Lakhdar Sais},
    howpublished="\url{http://www.cril.univ-artois.fr/~jabbour/manysat.htm}",
    year=2012,
}
